@book{manual, address={University of Toronto}, title={NMR Nuclear Magnetic Resonance}, institution={Advanced Physics Laboratory}, author={Bailey, David and Harlow, Jason and Vise, Joe and Pitre, John}, editor={Shepherd, John}, year={2013}, month={Jun} }

@article{long_live_spin, title={Long live the spin}, volume={8}, url={https://www.nature.com/articles/nphys2462.pdf}, DOI={https://doi.org/10.1038/nphys2462}, number={11}, journal={Nature Physics}, publisher={Springer Science and Business Media LLC}, author={Trabesinger, Andreas}, year={2012}, month={Nov}, pages={781–782} }

@misc{wogan_2011, title={NMR spectroscopy without the ``M'' – Physics World}, url={https://physicsworld.com/a/nmr-spectroscopy-without-the-m/}, journal={Physics World}, author={Wogan, Timothy}, year={2011}, month={May} }

@misc{yarris_2013, title={Researchers increase NMR/MRI sensitivity through hyperpolarization of nuclei in diamond}, url={https://phys.org/news/2013-06-nmrmri-sensitivity-hyperpolarization-nuclei-diamond.html}, journal={Phys.org}, author={Yarris, Lynn}, year={2013}, month={Jun} }

@misc{zyga_2012, title={143 is largest number yet to be factored by a quantum algorithm}, url={https://phys.org/news/2012-04-largest-factored-quantum-algorithm.html}, journal={Phys.org}, author={Zyga, Lisa}, year={2012}, month={Apr} }
