@book{manual, 
    institution={{University of Toronto}},
    title={QIE: Quantum Interference and Entanglement},
    publisher={Advanced Physics Laboratory},
    author={David Bailey and Henry M. van Driel and Seth Strimas-Mackey and Shashwat Sharma and Debbie Lo and Tatsushiro Onodera},
    editor={John 
    Shepherd},
    year={2016},
    month={Sep},
    day={16}}


@book{nielsen_chuang_2010, title={Quantum Computation and Quantum Information}, ISBN={9781139495486}, publisher={Cambridge University Press}, author={Nielsen, Michael A and Chuang, Isaac L}, year={2010}, month={Dec} }


@article{rao2024investigating,
  title={Investigating Locality in Quantum Systems},
  author={Rao, Aditya K},
  journal={Journal of Undergraduate Research in Physics and Astronomy},
  volume={34},
  number={1},
  year={2024},
  publisher={AIP Publishing}
}

@article{dehlinger,
  title={Entangled photons, nonlocality, and Bell inequalities in the undergraduate laboratory},
  author={D. Dehlinger and M. W. Mitchell},
  journal={Am. J. Phys.},
  volume={70},
  pages={903-910},
  year={2002}
}

@book{pwoptics,
    title={Physics of Light and Optics},
    ISBN={9781611660920},
    publisher={Brigham Young University},
    author={Peatross, Justin and Ware, Michael},
    year={2015},
    month={Mar}
}

 @article{couteau_2018, 
  title={Spontaneous parametric down-conversion}, 
  volume={59}, url={https://arxiv.org/ftp/arxiv/papers/1809/1809.00127.pdf}, 
  DOI={https://doi.org/10.1080/00107514.2018.1488463}, 
  number={3}, 
  journal={Contemporary Physics}, 
  author={Couteau, Christophe}, 
  year={2018}, 
  month={Jul}, 
  pages={291-304}
}

 @misc{aspect_2025, title={Bellâ€™s Theorem : The Naive View of an Experimentalist}, url={https://arxiv.org/abs/quant-ph/0402001}, journal={arXiv.org}, author={Aspect, Alain}, year={2025} }

 @book{griffiths_2013, 
  title={Introduction to quantum mechanics: pearson new international edition.}, 
  ISBN={9781292024080}, 
  publisher={Pearson Education Limited}, 
  author={Griffiths, David J}, 
  year={2013}
}