@report{labmanual, 
    title={Advanced Physics Laboratory: Lenses}, 
    institution={University of Toronto}, 
    author={Theywissen, J.H. and Krasnopolskaia, N.N. and Majoribanks, R.S.}, 
    year={2022}, 
    month={Aug}
}

@book{historyoptics, 
    address={Oxford Etc.}, 
    title={A history of optics : from Greek antiquity to the nineteenth century}, 
    ISBN={9780199644377}, 
    publisher={Oxford University Press}, 
    author={Olivier Darrigol}, 
    year={2012}
}

@book{pwoptics,
    title={Physics of Light and Optics},
    ISBN={9781611660920},
    publisher={Brigham Young University},
    author={Peatross, Justin and Ware, Michael},
    year={2015},
    month={Mar}
}

 @book{hechtoptics, 
    address={Boston Etc.}, 
    edition={5}, 
    title={Optics}, 
    ISBN={9781292096933}, 
    publisher={Pearson, Cop}, 
    author={Hecht, Eugene and Pearson Education}, 
    year={2017}
}

@book{python,
    author = {Van Rossum, Guido and Drake, Fred L.},
    title = {Python 3 Reference Manual},
    year = {2009},
    isbn = {1441412697},
    publisher = {CreateSpace},
    address = {Scotts Valley, CA}
}

@article{numpy,
    title = {Array programming with {NumPy}},
    author = {Charles R. Harris and K. Jarrod Millman and St{\'{e}}fan J. van der Walt and Ralf Gommers and Pauli Virtanen and David Cournapeau and Eric Wieser and Julian Taylor and Sebastian Berg and Nathaniel J. Smith and Robert Kern and Matti Picus and Stephan Hoyer and Marten H. van Kerkwijk and Matthew Brett and Allan Haldane and Jaime Fern{\'{a}}ndez del R{\'{i}}o and Mark Wiebe and Pearu Peterson and Pierre G{\'{e}}rard-Marchant and Kevin Sheppard and Tyler Reddy and Warren Weckesser and Hameer Abbasi and Christoph Gohlke and Travis E. Oliphant},
    year          = {2020},
    month         = {9},
    journal       = {Nature},
    volume        = {585},
    number        = {7825},
    pages         = {357--362},
    doi           = {10.1038/s41586-020-2649-2},
    publisher     = {Springer Science and Business Media {LLC}},
    url = {https://doi.org/10.1038/s41586-020-2649-2}
}

@misc{pandas,
    author       = {{The pandas development team}},
    title        = {pandas-dev/pandas: Pandas},
    month        = {2},
    year         = {2020},
    publisher    = {Zenodo},
    version      = {latest},
    doi          = {10.5281/zenodo.3509134},
    url          = {https://doi.org/10.5281/zenodo.3509134}
}
