@book{pwoptics,
    title={Physics of Light and Optics},
    ISBN={9781611660920},
    publisher={Brigham Young University},
    author={Peatross, Justin and Ware, Michael},
    year={2015},
    month={Mar}
}
@misc{manual,
    title={Schlieren: Advanced Physics Laboratory},
    institution={University of Toronto},
    author={Jiang, Danial and Li, Joanna and Radek Martinez, Adam},
    year={2023},
    month={12},
    day={5},
    address={McLennan Physical Laboratories Toronto, Ontario},
}

@misc{adi,
    title={Analysis of Free Convection in Air Using Z-Type Schlieren Photography},
    institution={University of Toronto},
    journal={Advanced Physics Laboratory},
    publisher={Unpublished},
    author={Rao, Aditya K.},
    year={2024},
    month={12},
    address={McLennan Physical Laboratories Toronto, Ontario},
}
@book{fluke, 
  title={53 \& 54 Series II Thermometer Users Manual}, 
  url={https://dam-assets.fluke.com/s3fs-public/5354____umeng0100.pdf?VersionId=Sa4AxuSRhQ6bcA0uUVUCaCPfjDzdbUua}, 
  author={{Fluke Corperation}},
  publisher={{Fluke Corperation}}, 
  year={1999}
}

@book{settles_2013,
  title={Schlieren and shadowgraph techniques : visualizing phenomena in transparent media.},
  ISBN={9783642630347},
  publisher={Springer},
  author={Settles, G S},
  year={2013}
}

@misc{pbrave, 
    author={Boris Braverman}, year={2024}, 
    howpublished={private communication}
}

@misc{kleine, 
    author={Harald Kleine}, year={2024}, 
    howpublished={private communication}
}